<record><leader>00000cas a22000007a 4500</leader><controlfield tag="001">18139611</controlfield><controlfield tag="008">880627d18521854nhuwr ne      0    0eng d</controlfield><datafield ind1=" " ind2=" " tag="010"><subfield code="a">sn 88080808 </subfield></datafield><datafield ind1=" " ind2=" " tag="040"><subfield code="a">NPH</subfield><subfield code="b">eng</subfield><subfield code="c">NPH</subfield><subfield code="d">NVH</subfield><subfield code="d">OCLCQ</subfield></datafield><datafield ind1=" " ind2=" " tag="042"><subfield code="a">msc</subfield></datafield><datafield ind1="0" ind2="0" tag="245"><subfield code="a">Ammonoosuc reporter.</subfield></datafield><datafield ind1=" " ind2=" " tag="260"><subfield code="a">Littleton, N.H. :</subfield><subfield code="b">F.A. Eastman</subfield></datafield><datafield ind1=" " ind2=" " tag="300"><subfield code="a">v.</subfield></datafield><datafield ind1=" " ind2=" " tag="310"><subfield code="a">Weekly</subfield></datafield><datafield ind1="0" ind2=" " tag="362"><subfield code="a">Vol. 1, no. 1 (July 24, 1852)-v. 3, no. 125 (Dec. 30, 1854).</subfield></datafield><datafield ind1=" " ind2=" " tag="752"><subfield code="a">United States</subfield><subfield code="b">New Hampshire</subfield><subfield code="c">Grafton</subfield><subfield code="d">Littleton.</subfield></datafield><datafield ind1="0" ind2="0" tag="785"><subfield code="t">White Mountain banner</subfield><subfield code="w">(DLC)sn 84022905</subfield></datafield></record>